







@misc{Stalet2025KbMal.,
    title = {{K{\o}b rustfri St{\aa}lplade p{\aa} m{\aa}l.}},
    year = {2025},
    booktitle = {St{\aa}let.dk},
    author = {{St{\aa}let}},
    url = {https://staalet.dk/vare/rustfri-staalplade/?gad_campaignid=12741479186}
}