@book{TextbookofRobotics,
    title = {{A Textbook of Robotics 1: Basic Concepts}},
    year = {1984},
    author = {Shoham, Moshe},
    edition = {1st},
    publisher = {Eshed Robotec},
    url = {https://books.google.dk/books?hl=da&lr=&id=u3TdBgAAQBAJ&oi=fnd&pg=PT6&dq=basics+of+robotics&ots=b2s4lwFN1h&sig=qx3HsCXoSquMt-JcWw2Pojp4j7M&redir_esc=y#v=onepage&q&f=false}
}

@book{BasicsofRobotics,
    title = {{Basics of Robotics: Theory and Components of Manipulators and Robots}},
    year = {1999},
    author = {Morencki, Adam and Knapczyk, Józef},
    month = {4},
    url = {https://books.google.dk/books?hl=da&lr=&id=7X7pCAAAQBAJ&oi=fnd&pg=PR11&dq=basics+of+robotics&ots=8yrykBLpRa&sig=B8CCw7jgpbk8Kz9A5c5OtRksk08&redir_esc=y#v=onepage&q&f=false},
    address = {New York}
}

@misc{HoseinSalmanpour2013PDFWalls,
    title = {{(PDF) Application of Digital Image Correlation for strain measurements of large masonry walls}},
    year = {2013},
    booktitle = {https://www.researchgate.net/publication/267024804{\_}Application{\_}of{\_}Digital{\_}Image{\_}Correlation{\_}for{\_}strain{\_}measurements{\_}of{\_}large{\_}masonry{\_}walls},
    author = {Hosein Salmanpour, Amir and Mojsilovic, Nebojsa},
    month = {12}
}

@misc{SKF20253200SKF,
    title = {{3200 A-2RS1TN9/MT33 - Angular contact ball bearings | SKF}},
    year = {2025},
    author = {{SKF}},
    url = {https://www.skf.com/group/products/rolling-bearings/ball-bearings/angular-contact-ball-bearings/double-row-angular-contact-ball-bearings/productid-3200%20A-2RS1TN9%2FMT33}
}

@misc{Mueller20203DDraft,
    title = {{3D Printer Ashtar M: Moving XZ Frame (Moving Gantry), First Draft}},
    year = {2020},
    booktitle = {xyzdims.com},
    author = {Mueller, Rene K.},
    month = {12},
    url = {https://xyzdims.com/2020/12/14/3d-printer-ashtar-m-moving-xz-frame-moving-gantry-first-draft/}
}

@misc{Billington20243DOverview,
    title = {{3D Printer Drive System Overview}},
    year = {2024},
    booktitle = {https://3dpros.com/guides/fdmreference-drivesystem},
    author = {Billington, Al}
}

@article{Long2025AOptimizations,
    title = {{A Brief Introduction of Inkjet Printing Technology and Optimizations}},
    year = {2025},
    journal = {Theoretical and Natural Science},
    author = {Long, Shiyang},
    number = {1},
    month = {1},
    pages = {87--93},
    volume = {80},
    url = {https://www.ewadirect.com/proceedings/tns/article/view/20479},
    doi = {10.54254/2753-8818/2025.GL20479},
    issn = {2753-8818}
}

@techreport{Bigger2018ACorrelation,
    title = {{A Good Practices Guide for Digital Image Correlation}},
    year = {2018},
    author = {Bigger, Rory and Blaysat, Benoît and Boo, Christofer and Grewer, Manuel and Hu, Jun and Jones, Amanda and Klein, Markus and Lava, Pascal and Pankow, Mark and Raghavan, Kavesary and Reu, Phillip and Schmidt, Timothy and Siebert, Thorsten and Simonsen, Micah and Trim, Andrew and Turner, Daniel and Vieira, Alessandro and Weikert, Thorsten},
    editor = {Jones, Elizabeth and Iadicola, Mark},
    month = {10},
    url = {http://idics.org/guide/},
    institution = {International Digital Image Correlation Society},
    doi = {10.32720/idics/gpg.ed1/print.format}
}

@article{Dong2017ACorrelation,
    title = {{A Review of Speckle Pattern Fabrication and Assessment for Digital Image Correlation}},
    year = {2017},
    journal = {Experimental Mechanics 2017 57:8},
    author = {Dong, Y. L. and Pan, B.},
    number = {8},
    month = {5},
    pages = {1161--1181},
    volume = {57},
    publisher = {Springer},
    url = {https://link.springer.com/article/10.1007/s11340-017-0283-1},
    doi = {10.1007/S11340-017-0283-1},
    issn = {1741-2765},
    keywords = {Biomedical Engineering and Bioengineering, Characterization and Evaluation of Materials, Control, Dynamical Systems, Lasers, Optical Devices, Optics, Photonics, Solid Mechanics, Vibration}
}

@misc{ABB2024ABB7710,
    title = {{ABB - IRB 7710}},
    year = {2024},
    author = {{ABB}},
    month = {5},
    url = {https://new.abb.com/news/zh-CHT/detail/115342/prsrl-abb-expands-modular-large-robot-portfolio}
}

@article{Reu2014AllAliasing,
    title = {{All about Speckles: Aliasing}},
    year = {2014},
    author = {Reu, Phillip},
    url = {https://link.springer.com/content/pdf/10.1111/ext.12111.pdf},
    doi = {10.1111/ext.12111}
}

@article{Reu2015AllContrast,
    title = {{All about Speckles: Contrast}},
    year = {2015},
    journal = {Experimental Techniques},
    author = {Reu, Phillip},
    number = {1},
    month = {1},
    pages = {1--2},
    volume = {39},
    publisher = {John Wiley {\&} Sons, Ltd},
    url = {https://onlinelibrary-wiley-com.zorac.aub.aau.dk/doi/full/10.1111/ext.12126 https://onlinelibrary-wiley-com.zorac.aub.aau.dk/doi/abs/10.1111/ext.12126 https://onlinelibrary-wiley-com.zorac.aub.aau.dk/doi/10.1111/ext.12126 https://link.springer.com/content/pdf/10.1111/ext.12126.pdf},
    doi = {10.1111/EXT.12126},
    issn = {1747-1567}
}

@article{Reu2015AllSharpness,
    title = {{All about speckles: Edge sharpness}},
    year = {2015},
    journal = {Experimental Techniques},
    author = {Reu, Phillip},
    number = {2},
    month = {3},
    pages = {1--2},
    volume = {39},
    publisher = {Blackwell Publishing Inc.},
    url = {https://link.springer.com/article/10.1111/ext.12139},
    doi = {10.1111/EXT.12139/METRICS},
    issn = {17471567},
    keywords = {Characterization and Evaluation of Materials}
}

@article{Reu2015AllDensity,
    title = {{All about Speckles: Speckle Density}},
    year = {2015},
    journal = {Experimental Techniques},
    author = {Reu, Phillip},
    number = {3},
    month = {5},
    pages = {1--2},
    volume = {39},
    publisher = {John Wiley {\&} Sons, Ltd},
    url = {https://onlinelibrary-wiley-com.zorac.aub.aau.dk/doi/full/10.1111/ext.12161 https://onlinelibrary-wiley-com.zorac.aub.aau.dk/doi/abs/10.1111/ext.12161 https://onlinelibrary-wiley-com.zorac.aub.aau.dk/doi/10.1111/ext.12161},
    doi = {10.1111/EXT.12161},
    issn = {1747-1567}
}

@article{Reu2014AllMeasurement,
    title = {{All about speckles: Speckle size measurement}},
    year = {2014},
    journal = {Experimental Techniques},
    author = {Reu, Phillip},
    number = {6},
    month = {11},
    pages = {1--2},
    volume = {38},
    publisher = {Blackwell Publishing Inc.},
    url = {https://link.springer.com/article/10.1111/ext.12110},
    doi = {10.1111/EXT.12110/METRICS},
    issn = {17471567},
    keywords = {Characterization and Evaluation of Materials}
}

@misc{Hesse2011AluminiumSheets,
    title = {{Aluminium material data sheets}},
    year = {2011},
    booktitle = {https://books.google.dk/books?hl=da{\&}lr={\&}id=ojoLIih6nmUC{\&}oi=fnd{\&}pg=PA6{\&}dq=aluminium+data+sheet{\&}ots=B2bhoaGID1{\&}sig=-PZgbkfw8hHsDQwd8{\_}yoH7iF03w{\&}redir{\_}esc=y{\#}v=onepage{\&}q{\&}f=false},
    author = {Hesse, Werner},
    edition = {6},
    url = {https://books.google.dk/books?hl=da&lr=&id=ojoLIih6nmUC&oi=fnd&pg=PA6&dq=aluminium+data+sheet&ots=B2bhoaGID1&sig=-PZgbkfw8hHsDQwd8_yoH7iF03w&redir_esc=y#v=onepage&q&f=false}
}

@misc{TibnorAB2024AluminiumData,
    title = {{Aluminium Teknisk Data}},
    year = {2024},
    author = {{Tibnor AB}},
    url = {https://www.tibnor.dk/medias/tekniske-data-aluminium2023-DAN.pdf?context=bWFzdGVyfHJvb3R8ODgzNTg5fGFwcGxpY2F0aW9uL3BkZnxhRE5sTDJnM05pODVNVEEzTURVeE5ERXpOVE0wTDNSbGEyNXBjMnRsTFdSaGRHRXRZV3gxYldsdWFYVnRNakF5TXkxRVFVNHVjR1JtfDcxYzJlOWI0NDAzOWFhYjk2ZTRmNTViNDIxOWM0YjZlN2I1MWJiOTA0MGZhZjA4MWQ5Yjc2OWZjNzVlOGQ3Y2U&attachment=true}
}

@misc{Aluminiumplade,
    title = {{Aluminiumplade}},
    booktitle = {St{\aa}lbutikken},
    url = {https://www.staalbutikken.dk/shop/aluminium-plade-20311p.html?srsltid=AfmBOoqzpCV-mylCHg76GMF-d6B28E1McYr7IHcjeOJIBlmwgpOEvelS&CookieConsentChanged=1}
}

@misc{TIMBERTECH2025Amazon.comAirbrush,
    title = {{Amazon.com - Airbrush}},
    year = {2025},
    booktitle = {https://www.amazon.de},
    author = {{TIMBERTECH}},
    url = {https://www.amazon.de/airbrush-s%C3%A6t-grundl%C3%A6ggende-airbrush-kompressor-dobbeltvirkende-airbrush-pistol/dp/B00LO4PKY2/ref=asc_df_B00LO4PKY2?language=da_DK&mcid=92dfbbff910f3662a228db91b8a6244e&tag=dkgoshpadde-21&linkCode=df0&hvadid=718009206636&hvpos=&hvnetw=g&hvrand=14655252886538953167&hvpone=&hvptwo=&hvqmt=&hvdev=c&hvdvcmdl=&hvlocint=&hvlocphy=9196634&hvtargid=pla-420476380267&psc=1&language=da_DK&gad_source=1}
}

@misc{STAEDTLER2025Amazon.comTousch,
    title = {{Amazon.com - Staedtler Tousch}},
    year = {2025},
    booktitle = {https://www.amazon.com/STAEDTLER-MARSGRAPHIC-LINER-308-WP4-Staedtler/dp/B001390B6A?th=1},
    author = {{STAEDTLER}},
    url = {https://www.amazon.com/STAEDTLER-MARSGRAPHIC-LINER-308-WP4-Staedtler/dp/B001390B6A?th=1}
}

@article{Zaya2023ApplicationReview,
    title = {{Application of Digital Image Correlation Method in Materials - Testing And Measurements: A Review}},
    year = {2023},
    journal = {The Journal of University of Duhok},
    author = {Zaya, Merna Alec and Adam, Sarhat M. and Abdulrahman, Farsat Heeto},
    number = {2},
    month = {9},
    pages = {145--167},
    volume = {26},
    publisher = {University of Duhok},
    doi = {10.26682/SJUOD.2023.26.2.13},
    issn = {18127568}
}

@misc{BostonDynamics2024AtlasRobots,
    title = {{Atlas{\textregistered} and beyond: the world's most dynamic robots}},
    year = {2024},
    author = {{Boston Dynamics}},
    url = {https://bostondynamics.com/atlas/}
}

@misc{Rollco2022BallWhat,
    title = {{Ball screw or timing belt, when should you use what?}},
    year = {2022},
    booktitle = {https://blog.rollco.eu/ball-screw-or-timing-belt-when-should-you-use-what},
    author = {{Rollco}},
    month = {8},
    url = {https://blog.rollco.eu/ball-screw-or-timing-belt-when-should-you-use-what}
}

@misc{johoty.com2025BallBest,
    title = {{Ball Screw vs Lead Screw: Which Suits Your Projects Best?}},
    year = {2025},
    booktitle = {johoty.com},
    author = {{johoty.com}},
    url = {https://johoty.com/blog/ball-screw-vs-lead-screw?utm.com}
}

@misc{IndustrialQuickSearch2025BallBenefits,
    title = {{Ball Screws: Types, Components and Benefits}},
    year = {2025},
    booktitle = {https://www.iqsdirectory.com/articles/ball-screws.html},
    author = {{Industrial Quick Search}},
    url = {https://www.iqsdirectory.com/articles/ball-screws.html}
}

@misc{Casillo2025Belt-DrivenInc,
    title = {{Belt-Driven Actuators vs Ball Screw Actuators: Which Is the Best Choice for Your Application? | Isotech, Inc}},
    year = {2025},
    booktitle = {https://www.isotechinc.com/belt-driven-versus-ball-screw-actuators/},
    author = {Casillo, David},
    url = {https://www.isotechinc.com/belt-driven-versus-ball-screw-actuators/}
}

@misc{Starr1995CarbonDatabook,
    title = {{Carbon and High Performance Fibres Directory and Databook}},
    year = {1995},
    booktitle = {https://books.google.dk/books?hl=da{\&}lr={\&}id=00Lep5phvRoC{\&}oi=fnd{\&}pg=PR5{\&}dq=carbon+fiber+datasheet{\&}ots=oHkHnUa4Dr{\&}sig=969ynB2GdFggLpA5X{\_}XrDRM5Pq4{\&}redir{\_}esc=y{\#}v=onepage{\&}q=carbon{\%}20fiber{\%}20datasheet{\&}f=false},
    author = {Starr, Trevor},
    url = {https://books.google.dk/books?hl=da&lr=&id=00Lep5phvRoC&oi=fnd&pg=PR5&dq=carbon+fiber+datasheet&ots=oHkHnUa4Dr&sig=969ynB2GdFggLpA5X_XrDRM5Pq4&redir_esc=y#v=onepage&q=carbon%20fiber%20datasheet&f=false}
}

@misc{HaraldNyborg2025ColorWorksMat,
    title = {{ColorWorks Spraymaling - sort mat}},
    year = {2025},
    author = {{Harald Nyborg}},
    url = {https://www.harald-nyborg.dk/colorworks-spraymaling-sort-mat}
}

@misc{ConfigureQuote,
    title = {{Configure Price Quote}},
    url = {https://configurator.pbclinear.com/results?configuration_id=474BE229B9}
}

@article{Reu2015DIC:Mechanics,
    title = {{DIC: A Revolution in Experimental Mechanics}},
    year = {2015},
    author = {Reu, Phillip},
    url = {www.astm.org},
    doi = {10.1111/ext.12173}
}

@misc{Byrne2020DigitalSoftware,
    title = {{Digital Image Correlation (DIC): Overview of Principles and Software}},
    year = {2020},
    booktitle = {https://www.youtube.com/watch?v=kfP9XRz2vo0{\&}ab{\_}channel=CorrelatedSolutions},
    author = {Byrne, Elisha},
    month = {4}
}

@misc{BostonDynamics2020DoMe,
    title = {{Do You Love Me}},
    year = {2020},
    author = {{Boston Dynamics}},
    month = {12},
    url = {https://www.youtube.com/watch?v=fn3KWM1kuAw}
}

@misc{Igus2025DrylinNEMA14,
    title = {{drylin{\textregistered} E lead screw stepper motor, stranded wires with JST connector, NEMA14}},
    year = {2025},
    booktitle = {https://www.igus.eu/product/MOT-ST-35-L-A-A},
    author = {{Igus}},
    url = {https://www.igus.eu/product/MOT-ST-35-L-A-A}
}

@misc{Igus2025DrylinSteel,
    title = {{drylin{\textregistered} trapezoidal lead screw, right-hand thread, stainless steel}},
    year = {2025},
    booktitle = {https://www.igus.eu/product/drylin{\_}SD{\_}TR{\_}EG{\_}R{\_}ES?artnr=PTGSG-10X2-01-R-ES},
    author = {{Igus}},
    url = {https://www.igus.eu/product/drylin_SD_TR_EG_R_ES?artnr=PTGSG-10X2-01-R-ES}
}

@article{Cui2024EffectError,
    title = {{Effect of Speckle Edge Characteristics on DIC Calculation Error}},
    year = {2024},
    journal = {Experimental Mechanics},
    author = {Cui, H. and Zeng, Z. and Zhang, H. and Yang, F.},
    number = {7},
    month = {9},
    pages = {1143--1160},
    volume = {64},
    publisher = {Springer},
    url = {https://link.springer.com/article/10.1007/s11340-024-01078-6},
    doi = {10.1007/S11340-024-01078-6/TABLES/5},
    issn = {17412765},
    keywords = {Digital image correlation, Measurement error, Pre-filter, Speckle characteristic}
}

@misc{MetalcentretEN-AWAluminium,
    title = {{EN-AW 6082 Aluminium}},
    author = {{Metalcentret}},
    url = {https://metalcentret.dk/da/metal/aluminium/en-aw-6082/}
}

@misc{EnhancedReader,
    title = {{Enhanced Reader}}
}

@misc{SteinmeyerETA+KG,
    title = {{ETA+ Ball Screws - August Steinmeyer GmbH {\&} Co. KG}},
    author = {{Steinmeyer}},
    url = {https://www.steinmeyer.com/en/technology/eta-ball-screws/}
}

@misc{ZwickRoellExtensometers,
    title = {{Extensometers}},
    author = {{ZwickRoell}},
    url = {https://www.zwickroell.com/accessories/extensometers/#c163414}
}

@misc{Wang2023FiberMonitoring,
    title = {{Fiber Optic Sensing Technology and Vision Sensing Technology for Structural Health Monitoring}},
    year = {2023},
    booktitle = {Sensors},
    author = {Wang, Haojie and Guo, Jin Kun and Mo, Han and Zhou, Xikang and Han, Yiping},
    month = {5},
    volume = {23},
    publisher = {MDPI},
    doi = {10.3390/s23094334},
    issn = {14248220},
    pmid = {37177536}
}

@misc{Supermagnete2025FjederklemmerMm,
    title = {{Fjederklemmer {\O} 19 mm}},
    year = {2025},
    booktitle = {https://www.supermagnete.dk/klemmer-klemmer/fjederklemmer-19mm{\_}M-SC-19},
    author = {{Supermagnete}}
}

@misc{Mecalux2022FullyMecalux.com,
    title = {{Fully automated warehouse: a snapshot - Mecalux.com}},
    year = {2022},
    author = {{Mecalux}},
    month = {1},
    url = {https://www.mecalux.com/blog/fully-automated-warehouse}
}

@book{Hoath2016FundamentalsDroplets,
    title = {{Fundamentals of inkjet printing : the science of inkjet and droplets}},
    year = {2016},
    author = {Hoath, Stephen D.},
    edition = {1.st},
    publisher = {Weinheim, Germany : Wiley-VCH Verlag},
    url = {https://ebookcentral.proquest.com/lib/aalborguniv-ebooks/reader.action?docID=4205910&ppg=47},
    isbn = {9783527337859}
}

@misc{Fix2025GalvaniseretFix,
    title = {{Galvaniseret st{\aa}lplade - 0,6 x 500 x 400 mm | jem {\&} fix}},
    year = {2025},
    booktitle = {https://www.jemogfix.dk/staalplade-0-6-x-500-x-400-mm-type-459/4145/9035002/},
    author = {Fix, Jem &}
}

@misc{PennToolCo.2025GatorInc,
    title = {{Gator Chucks 4-Jaw Independent Lathe Chuck {\#}1-302-0600, 6" Size, 1.65" Spindle| Penn Tool Co., Inc}},
    year = {2025},
    author = {{Penn Tool Co.}},
    url = {https://www.penntoolco.com/gator-chucks-4-jaw-independent-lathe-chuck-1-302-0600-6-size-1-65-spindle/}
}

@article{Su2022Glare:Pattern,
    title = {{Glare: A free and open-source software for generation and assessment of digital speckle pattern}},
    year = {2022},
    journal = {Optics and Lasers in Engineering},
    author = {Su, Yong and Zhang, Qingchuan},
    month = {1},
    pages = {106766},
    volume = {148},
    publisher = {Elsevier},
    doi = {10.1016/J.OPTLASENG.2021.106766},
    issn = {0143-8166},
    keywords = {Deformed image rendering, Digital image correlation, Open-source software, Speckle pattern}
}

@misc{CHESTER2025GM1500VSTools,
    title = {{GM1500VS CNC Mill | Bed Type Mill | Chester Machine Tools}},
    year = {2025},
    author = {{CHESTER}},
    url = {https://www.chestermachinetools.com/product/chester-gm1500vs-vertical-horizontal-bed-type-cnc-milling-machine/}
}

@misc{Holt2007GPS-grsslamaskineIngeniren,
    title = {{GPS-gr{\ae}ssl{\aa}maskine kan spare kommuner over en halv milliard | Ingeni{\o}ren}},
    year = {2007},
    author = {Holt, Julie Ring-Hansen},
    month = {11},
    url = {https://ing.dk/artikel/gps-graesslaamaskine-kan-spare-kommuner-over-en-halv-milliard}
}

@misc{CyklopHowWork,
    title = {{How Does Thermal Inkjet Printing Work?}},
    booktitle = {https://inkjetinc.com/blogs/default-blog/resources-how-does-thermal-inkjet-printing-work-ij},
    author = {{Cyklop}},
    url = {https://inkjetinc.com/blogs/default-blog/resources-how-does-thermal-inkjet-printing-work-ij}
}

@misc{JHFOSTER2025IdealActuators,
    title = {{Ideal Applications For Pneumatic Actuators}},
    year = {2025},
    booktitle = {https://jhfoster.com/automation-blogs/ideal-applications-for-pneumatic-actuators/},
    author = {{JHFOSTER}},
    url = {https://jhfoster.com/automation-blogs/ideal-applications-for-pneumatic-actuators/}
}

@article{Schreier2009ImageApplications,
    title = {{Image correlation for shape, motion and deformation measurements: Basic concepts, theory and applications}},
    year = {2009},
    journal = {Image Correlation for Shape, Motion and Deformation Measurements: Basic Concepts,Theory and Applications},
    author = {Schreier, Hubert and Orteu, Jean José and Sutton, Michael A.},
    pages = {1--321},
    publisher = {Springer US},
    isbn = {9780387787466},
    doi = {10.1007/978-0-387-78747-3/COVER}
}

@misc{FANUCRobotics2024IndustrialRobots,
    title = {{Industrial Robots}},
    year = {2024},
    author = {{FANUC Robotics}},
    url = {https://www.fanuc.eu/}
}

@article{Delaney2009InkjetProteins,
    title = {{Inkjet printing of proteins}},
    year = {2009},
    author = {Delaney, Joseph T and Smith, Patrick J and Schubert, Ulrich S},
    pages = {1--12},
    url = {www.rsc.org/softmatter},
    doi = {10.1039/b909878j}
}

@misc{McMASTER-CARR2025InternallyRod,
    title = {{Internally Threaded Connecting Rod}},
    year = {2025},
    booktitle = {https://www.mcmaster.com/7416N78/},
    author = {{McMASTER-CARR}},
    url = {https://www.mcmaster.com/7416N78/}
}

@techreport{Kakoty2024IntroductionRobotics,
    title = {{Introduction to Embedded Systems and Robotics A Practical Guide Introduction to Embedded Systems and Robotics Introduction to Embedded Systems and Robotics}},
    year = {2024},
    author = {Kakoty, Nayan M and Goswami, Rupam and Vinjamuri, Ramana},
    institution = {Springer},
    isbn = {978-3-031-73098-6}
}

@book{Niku2020IntroductionApplications,
    title = {{Introduction to Robotics: Analysis, control, applications}},
    year = {2020},
    author = {Niku, Saeed Benjamin},
    edition = {Third},
    publisher = {Chichester : Wiley Blackwell},
    institution = {Wiley},
    isbn = {978-1-119-52760-2}
}

@article{Caliskan2024InvestigationDIC,
    title = {{Investigation of the speckle pattern effect for displacement assessments by DIC}},
    year = {2024},
    journal = {Journal of Intelligent Manufacturing and Special Equipment},
    author = {Caliskan, Salim and Akyuz, Hakan},
    number = {2},
    month = {12},
    pages = {245--254},
    volume = {5},
    publisher = {Emerald Publishing Limited},
    doi = {10.1108/JIMSE-01-2024-0002},
    issn = {2633-660X},
    keywords = {Aluminum alloy, Digital image correlation, Experimental mechanics, Speckle pattern, Tensile test}
}

@misc{ABB2023IRBSeries,
    title = {{IRB Robot Series}},
    year = {2023},
    author = {{ABB}},
    url = {https://new.abb.com/products/robotics/industrial-robots}
}

@misc{ISO2021ISOVocabulary,
    title = {{ISO 8373:2021 - Robotics - Vocabulary}},
    year = {2021},
    author = {{ISO}},
    url = {https://www.iso.org/standard/72700.html},
    institution = {ISO}
}

@misc{ISO2021ISOVocabularyb,
    title = {{ISO 8373:2021(en), Robotics — Vocabulary}},
    year = {2021},
    author = {{ISO}},
    url = {https://www.iso.org/obp/ui/#iso:std:iso:8373:ed-3:v1:en}
}

@misc{VIEWEG2025JetDV-6210,
    title = {{Jet valve DV-6210}},
    year = {2025},
    booktitle = {https://dosieren.de/en/products/dispensing-valves/jet/jetting-dispensed-fluid/504888/jet-valve-dv-6210?fbclid=IwZXh0bgNhZW0CMTEAAR7Xl{\_}KTrsRlOg6G2KHyq{\_}0Po5THGV5kRB8dN-mGgMSAQk9p2GKIoYWanNZdrQ{\_}aem{\_}Kwj7s{\_}Y0Mux9AJ2t7J4swg},
    author = {{VIEWEG}},
    url = {https://dosieren.de/en/products/dispensing-valves/jet/jetting-dispensed-fluid/504888/jet-valve-dv-6210}
}

@misc{2023KivaRobots,
    title = {{Kiva Robots}},
    year = {2023},
    url = {https://robotics.amazon.com/}
}

@misc{Stalet2025KbMal,
    title = {{K{\o}b rustfri St{\aa}lplade p{\aa} m{\aa}l}},
    year = {2025},
    booktitle = {St{\aa}let.dk},
    author = {{St{\aa}let}},
    url = {https://staalet.dk/vare/rustfri-staalplade/?gad_campaignid=12741479186}
}

@misc{PBCLinear2025LeadLinear,
    title = {{Lead Screw Assembly - LSR1005T-0508-TS-NNN-NNN-N {\~{A}}˜=10mm No Motor, Tri – PBC Linear}},
    year = {2025},
    author = {{PBC Linear}},
    url = {https://shop.pbclinear.com/collections/lead-screw-and-nut-assemblies/products/lsr1005t-0508-ts-nnn-nnn-n?_pos=12&_fid=ed99611a7&_ss=c}
}

@misc{IndustrialQuickSearch2025LeadBenefits,
    title = {{Lead Screw: Types, Materials and Benefits}},
    year = {2025},
    booktitle = {https://www.iqsdirectory.com/articles/ball-screw/lead-screws.html},
    author = {{Industrial Quick Search}},
    url = {https://www.iqsdirectory.com/articles/ball-screw/lead-screws.html}
}

@misc{Sild2022LeadFractory,
    title = {{Lead Screws Explained | Fractory}},
    year = {2022},
    booktitle = {https://fractory.com/lead-screws/},
    author = {Sild, Siim},
    url = {https://fractory.com/lead-screws/}
}

@misc{IndustrialQuickSearch2025LinearPrinciples,
    title = {{Linear Motion Products: Types and Principles}},
    year = {2025},
    booktitle = {https://www.iqsdirectory.com/articles/linear-actuator/linear-motion-products.html},
    author = {{Industrial Quick Search}},
    url = {https://www.iqsdirectory.com/articles/linear-actuator/linear-motion-products.html}
}

@article{LinearSystems,
    title = {{Linear Motion Systems}}
}

@misc{RSComponents2025M6RS,
    title = {{M6 x 100.0mm Bolt med sekskanthoved, Blankforzinket, St{\aa}l | RS}},
    year = {2025},
    booktitle = {2025},
    author = {{RS Components}},
    url = {https://dk.rs-online.com/web/p/bolte-med-sekskanthoved/9172860}
}

@misc{Thomann2025ManfrottoRapidadapter,
    title = {{Manfrotto 014-38 Rapidadapter}},
    year = {2025},
    booktitle = {https://www.thomann.dk/manfrotto{\_}rapidadapter{\_}01438.htm},
    author = {{Thomann}}
}

@book{Kalpakjian2021ManufacturingTechnology,
    title = {{Manufacturing Engineering and Technology}},
    year = {2021},
    author = {Kalpakjian, Serope and Schmid, Steven R.. and Sekar, K. S. Vijay},
    edition = {Seventh},
    pages = {1180},
    publisher = {Pearson Education South Asia Pte Ltd},
    isbn = {9789810694067}
}

@article{Suryanarayana2001MechanicalMilling,
    title = {{Mechanical alloying and milling}},
    year = {2001},
    journal = {Progress in Materials Science},
    author = {Suryanarayana, C.},
    number = {1-2},
    month = {1},
    pages = {1--184},
    volume = {46},
    publisher = {Pergamon},
    url = {https://www.sciencedirect.com/science/article/pii/S0079642599000109},
    doi = {10.1016/S0079-6425(99)00010-9},
    issn = {0079-6425}
}

@misc{2023PackBot,
    title = {{PackBot}},
    year = {2023},
    url = {https://www.irobot.com/about-irobot/stem/defense-security/packbot}
}

@misc{SoftBankRoboticsUK2024PepperRobot,
    title = {{Pepper Robot}},
    year = {2024},
    author = {{SoftBank Robotics UK}},
    url = {https://www.softbankrobotics.com/emea/en/pepper}
}

@article{Benaissa2012PerformancesPiezo-pump,
    title = {{Performances analysis of a piezo-pump}},
    year = {2012},
    journal = {EPJ Web of Conferences},
    author = {Benaissa, A and Belkhiat, S},
    month = {6},
    url = {http://dx.doi.org/10.1051/epjconf/20122900007},
    doi = {10.1051/C}
}

@misc{HamiltonFreiburgGmbH2025PIPEJETDispenser,
    title = {{PIPEJET{\textregistered} nano Dispenser}},
    year = {2025},
    author = {{Hamilton Freiburg GmbH}},
    url = {https://hamilton-freiburg.de/technology/dispensing-technology/pipejet}
}

@misc{Jaffe2025PrecisionGround,
    title = {{Precision Ballscrew Threads: Rolled versus Ground}},
    year = {2025},
    booktitle = {https://www.designworldonline.com/Precision-Ballscrew-Threads-Rolled-versus-Ground/?utm.com},
    author = {Jaffe, George A. and Beck, Alexander F.},
    url = {https://www.designworldonline.com/Precision-Ballscrew-Threads-Rolled-versus-Ground/?utm.com}
}

@misc{UniversalThreadGrindingCompany2020PrecisionAssemblies,
    title = {{Precision Lead Screw Assemblies}},
    year = {2020},
    booktitle = {https://www.universal-thread.com/lead-screw-assemblies/?utm.com},
    author = {{Universal Thread Grinding Company}},
    url = {https://www.universal-thread.com/lead-screw-assemblies/?utm.com}
}

@misc{IndustrialQuickSearch2025PrinciplesGauges,
    title = {{Principles, Types and Configurations of Strain Gauges}},
    year = {2025},
    booktitle = {https://www.iqsdirectory.com/articles/load-cell/strain-gauge.html},
    author = {{Industrial Quick Search}},
    url = {https://www.iqsdirectory.com/articles/load-cell/strain-gauge.html}
}

@misc{iRobotCorporation2025RoombaSeries,
    title = {{Roomba Series}},
    year = {2025},
    author = {{iRobot Corporation}},
    url = {https://www.irobot.com/roomba}
}

@misc{Haas2025RotaryTables,
    title = {{Rotary Tables}},
    year = {2025},
    author = {{Haas}},
    url = {https://www.haascnc.com/machines/rotaries-indexers/rotary-tables.html}
}

@misc{RS2025RSM12,
    title = {{RS PRO Drejefod, system: 30, 12mm, Fod, passer til 6mm not, Gevind: M12}},
    year = {2025},
    author = {{RS}},
    url = {https://dk.rs-online.com/web/p/fodder-hjul-og-vaegflanger/7675856}
}

@misc{Profillageret2025RundProfillageret.dk,
    title = {{Rund udvendig r{\o}rprop til {\o}6mm - Sort PVC - Profillageret.dk}},
    year = {2025},
    author = {{Profillageret}},
    url = {https://www.profillageret.dk/rorpropper/1339-5mm-endeprop-rund.html}
}

@misc{Stalet2025RustfriStalet.dk,
    title = {{Rustfri st{\aa}lstang I K{\o}b rustfri {\o}-stang p{\aa} m{\aa}l hos St{\aa}let.dk}},
    year = {2025},
    booktitle = {St{\aa}let.dk},
    author = {{St{\aa}let}},
    url = {https://staalet.dk/vare/rustfri-staalstang-rund/}
}

@article{Jessen2011RustfritKorrosion,
    title = {{Rustfrit st{\aa}l og korrosion}},
    year = {2011},
    author = {Jessen, Claus Qvist},
    number = {1},
    url = {www.damstahl.dk},
    isbn = {9788792765000}
}

@misc{2023SawyerRobot,
    title = {{Sawyer Robot}},
    year = {2023},
    url = {https://www.rethinkrobotics.com/sawyer}
}

@article{Lu2019SimulationDispenser,
    title = {{Simulation and experiment on droplet volume for the needle-type piezoelectric jetting dispenser}},
    year = {2019},
    journal = {Micromachines},
    author = {Lu, Shizhou and Chen, Xi and Zheng, Hai and Zhao, Yupei and Long, Yizhou},
    month = {9},
    volume = {10},
    publisher = {MDPI AG},
    doi = {10.3390/mi10090623},
    issn = {2072666X}
}

@misc{CorrelatedSolutions2025SpeckleInc.,
    title = {{Speckle Generator - Correlated Solutions, Inc.}},
    year = {2025},
    author = {{Correlated Solutions}},
    url = {https://correlated.kayako.com/article/7-speckle-generator}
}

@article{Crammond2013SpeckleCorrelation,
    title = {{Speckle pattern quality assessment for digital image correlation}},
    year = {2013},
    journal = {Optics and Lasers in Engineering},
    author = {Crammond, G. and Boyd, S. W. and Dulieu-Barton, J. M.},
    month = {12},
    pages = {1368--1378},
    volume = {51},
    url = {https://www.sciencedirect.com/science/article/pii/S0143816613001103#bib6},
    doi = {10.1016/j.optlaseng.2013.03.014},
    issn = {01438166}
}

@article{Quino2021SpeckleEndurance,
    title = {{Speckle patterns for DIC in challenging scenarios: Rapid application and impact endurance}},
    year = {2021},
    journal = {Measurement Science and Technology},
    author = {Quino, Gustavo and Chen, Yanhong and Ramakrishnan, Karthik Ram and Mart{\'{i}}nez-Hergueta, Francisca and Zumpano, Giuseppe and Pellegrino, Antonio and Petrinic, Nik},
    month = {1},
    volume = {32},
    publisher = {IOP Publishing Ltd},
    doi = {10.1088/1361-6501/abaae8},
    issn = {13616501}
}

@misc{BostonDynamics2024SpotRobot,
    title = {{Spot{\textregistered} - The Agile Mobile Robot}},
    year = {2024},
    author = {{Boston Dynamics}},
    url = {https://bostondynamics.com/products/spot/}
}

@misc{Stalprofil,
    title = {{St{\aa}lprofil}},
    booktitle = {St{\aa}let.dk},
    url = {https://staalet.dk/vare/staal-massivt-rundjern/?gad_source=1&gad_campaignid=12741479186&gbraid=0AAAAABmWnFTrIj98jn522-oxDBp3WBLXZ&gclid=Cj0KCQjw2tHABhCiARIsANZzDWpwnSKRXOr5T5gi3PuynB_dSIWaLQNOqSvTujBE5CLcGeYeIbhXkcAaAjNIEALw_wcB}
}

@misc{TechconState-of-the-ArtValves,
    title = {{State-of-the-Art Dispensing: Piezo Jet Valves}},
    booktitle = {https://www.techcon.com/jet-valve/state-of-the-art-dispensing-piezo-jet-valves/},
    author = {{Techcon}},
    url = {https://www.techcon.com/jet-valve/state-of-the-art-dispensing-piezo-jet-valves/}
}

@misc{McMaster-Carr2025T-slottedFraming,
    title = {{t-slotted framing }},
    year = {2025},
    author = {{McMaster-Carr}},
    url = {https://www.mcmaster.com/products/t-slotted-framing/t-slotted-framing-and-fittings~/}
}

@misc{McMaster-Carr2025T-SlottedRails,
    title = {{T-Slotted Framing Rails}},
    year = {2025},
    author = {{McMaster-Carr}},
    url = {https://www.mcmaster.com/products/t-slots/t-slotted-framing-rail-profile~single/t-slotted-framing-and-fittings~/t-slotted-framing-rails-4/}
}

@misc{2023TALONRobot,
    title = {{TALON Robot}},
    year = {2023},
    url = {https://www.qinetiq.com/en/products/talon}
}

@misc{SilhouetteAmerica2025TemporaryClearMEDIA-TATTOO-3T,
    title = {{Temporary Tattoo Paper - Clear|MEDIA-TATTOO-3T}},
    year = {2025},
    author = {{Silhouette America}},
    url = {https://www.silhouetteamerica.com/MEDIA-TATTOO-3T}
}

@book{Ullman2018TheProcess,
    title = {{The Mechanical Design Process}},
    year = {2018},
    author = {Ullman, David},
    edition = {6th},
    pages = {},
    publisher = {},
    isbn = {978-0-9993578-0-4}
}

@book{Johnson1962TheExtrusion,
    title = {{The Mechanics of Metal Extrusion }},
    year = {1962},
    author = {Johnson, William and Kudo, Hideaki},
    publisher = {University of Manchester},
    url = {https://books.google.dk/books?hl=da&lr=&id=hwHCAAAAIAAJ&oi=fnd&pg=PR11&dq=metal+extrusion&ots=t827c5EFrq&sig=rZU7va7vlRDZBTaxT4pd_8np-pI&redir_esc=y#v=onepage&q&f=false}
}

@misc{MobileIndustrialRobots2025TheAMR,
    title = {{The MiR250 is a more flexible AMR}},
    year = {2025},
    author = {{Mobile Industrial Robots}},
    url = {https://mobile-industrial-robots.com/products/robots/mir250}
}

@misc{OcadoGroup2024TheGroup,
    title = {{The Ocado Smart Platform (OSP) | Ocado Group}},
    year = {2024},
    author = {{Ocado Group}},
    url = {https://www.ocadogroup.com/solutions/online-grocery}
}

@article{Gagnon2024ThePatterns,
    title = {{The Practicality of Quality Assessment Metrics for Millimetre-Scale Digital Image Correlation Speckle Patterns}},
    year = {2024},
    journal = {Strain},
    author = {Gagnon, Émélie and Day, Jennifer J},
    number = {1},
    month = {12},
    pages = {e12491},
    volume = {61},
    publisher = {John Wiley {\&} Sons, Ltd},
    url = {https://onlinelibrary.wiley.com/doi/full/10.1111/str.12491 https://onlinelibrary.wiley.com/doi/abs/10.1111/str.12491 https://onlinelibrary.wiley.com/doi/10.1111/str.12491},
    doi = {10.1111/STR.12491},
    issn = {1475-1305},
    keywords = {Brazilian tensile strength test, digital image correlation, quality assessment, rock mechanics, speckle pattern}
}

@book{Schaffer1999TheMaterials,
    title = {{The science and design of engineering materials}},
    year = {1999},
    author = {Schaffer, James P. and Saxena, Ashok and Antolovich, Stephen D. and Sanders, Thomas H. and Warner, Steven B.},
    edition = {second edition}
}

@misc{Castro2019TrajectoryManipulators,
    title = {{Trajectory Planning for Robot Manipulators}},
    year = {2019},
    booktitle = {https://blogs.mathworks.com/student-lounge/2019/11/06/robot-manipulator-trajectory/{\#}respond},
    author = {Castro, Sebastian},
    month = {11},
    url = {https://blogs.mathworks.com/student-lounge/2019/11/06/robot-manipulator-trajectory/#respond}
}

@misc{2023URSeries,
    title = {{UR Series}},
    year = {2023},
    url = {https://www.universal-robots.com/}
}

@misc{UniversalRobotsA/S2025UR30,
    title = {{UR30}},
    year = {2025},
    author = {{Universal Robots A/S}},
    url = {https://www.universal-robots.com/da/produkter/ur30/}
}

@article{Haddadi2008UseTechnique,
    title = {{Use of rigid-body motion for the investigation and estimation of the measurement errors related to digital image correlation technique}},
    year = {2008},
    journal = {Optics and Lasers in Engineering},
    author = {Haddadi, H. and Belhabib, S.},
    number = {2},
    month = {2},
    pages = {185--196},
    volume = {46},
    publisher = {Elsevier},
    url = {https://www.sciencedirect.com/science/article/pii/S0143816607001029},
    doi = {10.1016/J.OPTLASENG.2007.05.008},
    issn = {0143-8166},
    keywords = {Digital image correlation technique, Errors measurements, Rigid-body motion, Strain field measurements}
}

@misc{CorrelatedSolutions2025VICCorrelation,
    title = {{VIC Speckle Pattern Application Kit — Correlated Solutions Digital Image Correlation}},
    year = {2025},
    booktitle = {https://www.correlatedsolutions.com/store/p/vic-speckle-pattern-application-kit},
    author = {{Correlated Solutions}},
    month = {2},
    url = {https://www.correlatedsolutions.com/store/p/vic-speckle-pattern-application-kit}
}

@misc{HONDAWhatASIMO,
    title = {{What we learned from ASIMO}},
    author = {{HONDA}},
    url = {https://global.honda/en/robotics/asimo/}
}

@article{IFR2023World2023,
    title = {{World Robotics Report 2023}},
    year = {2023},
    journal = {IFR Reports},
    author = {{IFR}},
    url = {https://ifr.org/worldrobotics2023}
}